<?xml version="1.0" encoding="UTF-8"?><collection xmlns="http://www.loc.gov/MARC21/slim"><record><leader>00594nam--2200181-u-4500</leader><controlfield tag="001">000056002</controlfield><controlfield tag="002">20161230</controlfield><controlfield tag="005">20161230201052</controlfield><controlfield tag="008">141107s1000------------r-----000-0-rum-d</controlfield><datafield ind1=" " ind2=" " tag="040"><subfield code="a">IFIN-HH</subfield></datafield><datafield ind1=" " ind2=" " tag="041"><subfield code="a">rum</subfield></datafield><datafield ind1="1" ind2=" " tag="100"><subfield code="a">Motoc, Maria-marilena</subfield></datafield><datafield ind1="1" ind2="0" tag="245"><subfield code="a">Imobilizarea prin tehnici laser de biomateriale pentru aplicatii terapeutice</subfield><subfield code="b">Teza</subfield><subfield code="c">Motoc maria-marilena</subfield></datafield><datafield ind1=" " ind2=" " tag="260"><subfield code="a">Bucuresti</subfield><subfield code="b">Universitatea Bucuresti Facultatea De Fizica</subfield><subfield code="c">2014</subfield></datafield><datafield ind1=" " ind2=" " tag="300"><subfield code="a">138P.+ANEXE</subfield></datafield><datafield ind1=" " ind2=" " tag="502"><subfield code="a">Conducator Stiintific: Prof.Dr.Ion N. Mihailescu</subfield></datafield><datafield ind1=" " ind2=" " tag="852"><subfield code="a">82380</subfield><subfield code="c">621.375.9</subfield></datafield><datafield ind1=" " ind2=" " tag="CAT"><subfield code="a">Sys</subfield><subfield code="c">20141111</subfield><subfield code="h">123653</subfield></datafield></record></collection>